@book{vibracoes,
    title = {Mechanical Vibrations},
    author = {Singiresu S. Rao},
    isbn = {0132128195},
    year = {2010},
    publisher = {Prentice Hall},
}

@book{blevins2001formulas,
  title={Formulas for Natural Frequency and Mode Shape},
  author={Blevins, R.D.},
  isbn={9781575241845},
  lccn={84012583},
  url={https://books.google.com.br/books?id=ee1_AAAACAAJ},
  year={2001},
  publisher={Krieger Publishing Company}
}

@misc{nylon6datasheet,
    key = {datasheetnylon},
  title = {{Nylon 6.0 Datasheet}},
  howpublished = {\url{/mnt/data/datasheet-nylon60-roc.pdf}},
  note = {Revisão 1.0, Julho/2018, Accessed: 2024-09-12}
}

@misc{kalatec2020catalogo,
    key = {kalateccatalog},
  title = {{Catálogo Motores de Passo Kalatec}},
  howpublished = {\url{/mnt/data/1586457700Catalogo-Motores-de-Passo-Kalatec-100420.pdf}},
  note = {Revisão 1.0, Abril/2020, Accessed: 2024-09-12}
}

